@article{legland2008filtrage,
  title={Filtrage bay{\'e}sien optimal et approximation particulaire},
  author={LEGLAND, Fran{\c{c}}ois},
  journal={Les Presses de lâ€™Ecole Nationale Sup{\'e}rieure de Techniques Avanc{\'e}es},
  year={2008}
}